
<record><leader>02861nam a2200481 a 4500</leader><controlfield tag="001">ocm57178031</controlfield><controlfield tag="005">20041207080725.0</controlfield><controlfield tag="006">m        d f      </controlfield><controlfield tag="007">cr mn-</controlfield><controlfield tag="008">041207s2004    dcua    s    f000 0 eng c</controlfield><datafield tag="037" ind1=" " ind2=" "><subfield code="b">GAO (202)512-6000 (voice); (202)512-6061 (Fax); (202)512-2537 (TDD)</subfield><subfield code="f">paper copy</subfield></datafield><datafield tag="040" ind1=" " ind2=" "><subfield code="a">GPO</subfield><subfield code="c">GPO</subfield><subfield code="d">MvI</subfield><subfield code="d">MvI</subfield></datafield><datafield tag="042" ind1=" " ind2=" "><subfield code="a">pcc</subfield></datafield><datafield tag="043" ind1=" " ind2=" "><subfield code="a">n-us---</subfield></datafield><datafield tag="074" ind1=" " ind2=" "><subfield code="a">0546-D (online)</subfield></datafield><datafield tag="086" ind1="0" ind2=" "><subfield code="a">GA 1.13:GAO-05-57</subfield></datafield><datafield tag="088" ind1=" " ind2=" "><subfield code="a">GAO-05-57</subfield></datafield><datafield tag="110" ind1="1" ind2=" "><subfield code="a">United States.</subfield><subfield code="b">Government Accountability Office.</subfield></datafield><datafield tag="245" ind1="1" ind2="0"><subfield code="a">Nuclear nonproliferation</subfield><subfield code="h">[electronic resource] :</subfield><subfield code="b">DOE needs to consider options to accelerate the return of weapons-usable uranium from other countries to the United States and Russia : report to the Chairman, Subcommittee on Emerging Threats and Capabilities, Committee on Armed Services, U.S. Senate.</subfield></datafield><datafield tag="246" ind1="3" ind2=" "><subfield code="a">Nuclear nonproliferation :</subfield><subfield code="b">Department of Energy needs to consider options to accelerate the return of weapons usable uranium from other countries to the United States and Russia.</subfield></datafield><datafield tag="246" ind1="3" ind2="0"><subfield code="a">DOE needs to consider options to accelerate the return of weapons-usable uranium from other countries to the United States and Russia.</subfield></datafield><datafield tag="260" ind1=" " ind2=" "><subfield code="a">[Washington, D.C.] :</subfield><subfield code="b">U.S. Government Accountability Office,</subfield><subfield code="c">[2004]</subfield></datafield><datafield tag="336" ind1=" " ind2=" "><subfield code="a">text</subfield><subfield code="2">rdacontent.</subfield></datafield><datafield tag="337" ind1=" " ind2=" "><subfield code="a">computer</subfield><subfield code="2">rdamedia.</subfield></datafield><datafield tag="338" ind1=" " ind2=" "><subfield code="a">online resource</subfield><subfield code="2">rdacarrier.</subfield></datafield><datafield tag="520" ind1=" " ind2=" "><subfield code="a">Report examines the status of DOE efforts to recover remaining inventories of U.S.-origin HEU and the extent to which the fees imposed on high-income countries support these efforts, and the cost and time frame for completing the Russian fuel return program.</subfield></datafield><datafield tag="500" ind1=" " ind2=" "><subfield code="a">Title from title screen (viewed on Dec. 1, 2004)</subfield></datafield><datafield tag="500" ind1=" " ind2=" "><subfield code="a">&#34;November 2004.&#34;</subfield></datafield><datafield tag="500" ind1=" " ind2=" "><subfield code="a">Paper version available from: U.S. Government Accountability Office, 441 G St., NW, Rm. LM, Washington, D.C. 20548.</subfield></datafield><datafield tag="500" ind1=" " ind2=" "><subfield code="a">&#34;GAO-05-57.&#34;</subfield></datafield><datafield tag="504" ind1=" " ind2=" "><subfield code="a">Includes bibliographical references.</subfield></datafield><datafield tag="538" ind1=" " ind2=" "><subfield code="a">Mode of access: Internet from GPO Access web site. Address as of 12/01/04: http://frwebgate.access.gpo.gov/cgi-bin/getdoc.cgi?dbname=gao&amp;docid=f:d0557.pdf; current access available via PURL.</subfield></datafield><datafield tag="610" ind1="1" ind2="0"><subfield code="a">United States.</subfield><subfield code="b">Department of Energy</subfield><subfield code="v">Rules and practice</subfield><subfield code="x">Evaluation.</subfield></datafield><datafield tag="650" ind1=" " ind2="0"><subfield code="a">Nuclear nonproliferation.</subfield></datafield><datafield tag="650" ind1=" " ind2="0"><subfield code="a">Nuclear arms control.</subfield></datafield><datafield tag="710" ind1="1" ind2=" "><subfield code="a">United States.</subfield><subfield code="b">Congress.</subfield><subfield code="b">Senate.</subfield><subfield code="b">Committee on Armed Services.</subfield><subfield code="b">Subcommittee on Emerging Threats and Capabilities.</subfield></datafield><datafield tag="710" ind1="1" ind2=" "><subfield code="a">United States.</subfield><subfield code="b">Department of Energy.</subfield></datafield><datafield tag="856" ind1="4" ind2="0"><subfield code="u">http://purl.access.gpo.gov/GPO/LPS55831</subfield><subfield code="z">View online version</subfield></datafield><datafield tag="907" ind1=" " ind2=" "><subfield code="a">.b37991802</subfield><subfield code="b">06-10-15</subfield><subfield code="c">07-26-05</subfield></datafield><datafield tag="998" ind1=" " ind2=" "><subfield code="a">es001</subfield><subfield code="b">07-26-05</subfield><subfield code="c">m</subfield><subfield code="d">a</subfield><subfield code="e">-</subfield><subfield code="f">eng</subfield><subfield code="g">dcu</subfield><subfield code="h">0</subfield><subfield code="i">1</subfield></datafield><datafield tag="910" ind1=" " ind2=" "><subfield code="a">MARCIVE</subfield></datafield><datafield tag="910" ind1=" " ind2=" "><subfield code="a">Hathi Trust report None</subfield></datafield><datafield tag="945" ind1=" " ind2=" "><subfield code="g">0</subfield><subfield code="j">0</subfield><subfield code="l">esb  </subfield><subfield code="o">n</subfield><subfield code="p">$0.00</subfield><subfield code="q"> </subfield><subfield code="r"> </subfield><subfield code="s">-</subfield><subfield code="t">255</subfield><subfield code="u">0</subfield><subfield code="v">0</subfield><subfield code="w">0</subfield><subfield code="x">0</subfield><subfield code="y">.i138993610</subfield><subfield code="z">07-26-05</subfield></datafield></record>