
<record><leader>01484cam a2200349Ka 4500</leader><controlfield tag="001">ocm57178089</controlfield><controlfield tag="005">20060221072432.0</controlfield><controlfield tag="006">m        d f      </controlfield><controlfield tag="008">041207s2004    mdu     s    f000 0 spa d</controlfield><datafield tag="040" ind1=" " ind2=" "><subfield code="a">GPO</subfield><subfield code="c">GPO</subfield><subfield code="d">OCLCQ</subfield><subfield code="d">OCL</subfield><subfield code="d">GPO</subfield><subfield code="d">MvI</subfield></datafield><datafield tag="043" ind1=" " ind2=" "><subfield code="a">n-us---</subfield></datafield><datafield tag="074" ind1=" " ind2=" "><subfield code="a">0517-B (online)</subfield></datafield><datafield tag="086" ind1="0" ind2=" "><subfield code="a">SSA 1.2:C 43/17/SPAN./2004</subfield></datafield><datafield tag="088" ind1=" " ind2=" "><subfield code="a">ICN 483320</subfield></datafield><datafield tag="130" ind1="0" ind2=" "><subfield code="a">Social Security numbers for children.</subfield><subfield code="l">Spanish.</subfield></datafield><datafield tag="245" ind1="1" ind2="0"><subfield code="a">Números de Seguro Social para nińos</subfield><subfield code="h">[electronic resource]</subfield></datafield><datafield tag="260" ind1=" " ind2=" "><subfield code="a">[Baltimore, Md.] :</subfield><subfield code="b">Social Security Administration,</subfield><subfield code="c">[2004]</subfield></datafield><datafield tag="440" ind1=" " ind2="0"><subfield code="a">SSA publication ;</subfield><subfield code="v">no. 05-10923.</subfield></datafield><datafield tag="500" ind1=" " ind2=" "><subfield code="a">Title from title screen (viewed Dec. 1, 2004)</subfield></datafield><datafield tag="500" ind1=" " ind2=" "><subfield code="a">Spanish version of: Social Security numbers for children.</subfield></datafield><datafield tag="500" ind1=" " ind2=" "><subfield code="a">&#34;June 2004 (Recycle prior editions).&#34;</subfield></datafield><datafield tag="500" ind1=" " ind2=" "><subfield code="a">&#34;ICN 483320.&#34;</subfield></datafield><datafield tag="538" ind1=" " ind2=" "><subfield code="a">Mode of access: Internet from SSA web site. Address as of 12/01/04: http://www.ssa.gov/espanol/10923.pdf; current access available via PURL.</subfield></datafield><datafield tag="650" ind1=" " ind2="0"><subfield code="a">Social security registration</subfield><subfield code="z">United States.</subfield></datafield><datafield tag="650" ind1=" " ind2="0"><subfield code="a">Social security</subfield><subfield code="z">United States.</subfield></datafield><datafield tag="710" ind1="1" ind2=" "><subfield code="a">United States.</subfield><subfield code="b">Social Security Administration.</subfield></datafield><datafield tag="856" ind1="4" ind2="0"><subfield code="u">http://purl.access.gpo.gov/GPO/LPS56015</subfield><subfield code="z">View online version</subfield></datafield><datafield tag="907" ind1=" " ind2=" "><subfield code="a">.b37991814</subfield><subfield code="b">06-11-15</subfield><subfield code="c">07-26-05</subfield></datafield><datafield tag="998" ind1=" " ind2=" "><subfield code="a">es001</subfield><subfield code="b">03-13-06</subfield><subfield code="c">m</subfield><subfield code="d">a</subfield><subfield code="e">-</subfield><subfield code="f">spa</subfield><subfield code="g">mdu</subfield><subfield code="h">0</subfield><subfield code="i">1</subfield></datafield><datafield tag="910" ind1=" " ind2=" "><subfield code="a">MARCIVE</subfield></datafield><datafield tag="910" ind1=" " ind2=" "><subfield code="a">Hathi Trust report None</subfield></datafield><datafield tag="945" ind1=" " ind2=" "><subfield code="g">0</subfield><subfield code="j">0</subfield><subfield code="l">esb  </subfield><subfield code="o">n</subfield><subfield code="p">$0.00</subfield><subfield code="q"> </subfield><subfield code="r"> </subfield><subfield code="s">-</subfield><subfield code="t">255</subfield><subfield code="u">0</subfield><subfield code="v">0</subfield><subfield code="w">0</subfield><subfield code="x">0</subfield><subfield code="y">.i138993622</subfield><subfield code="z">07-26-05</subfield></datafield></record>