
<record><leader>01274cam a2200277Ka 4500</leader><controlfield tag="001">ocm57178104</controlfield><controlfield tag="005">20041207083646.0</controlfield><controlfield tag="006">m        d f      </controlfield><controlfield tag="008">041207s2004    dcu     s    f000 0 eng d</controlfield><datafield tag="040" ind1=" " ind2=" "><subfield code="a">GPO</subfield><subfield code="c">GPO</subfield><subfield code="d">MvI</subfield><subfield code="d">MvI</subfield></datafield><datafield tag="074" ind1=" " ind2=" "><subfield code="a">0616-A-01 (online)</subfield></datafield><datafield tag="086" ind1="0" ind2=" "><subfield code="a">I 49.18:W 23</subfield></datafield><datafield tag="110" ind1="2" ind2=" "><subfield code="a">Warm Springs Regional Fisheries Center.</subfield></datafield><datafield tag="245" ind1="1" ind2="0"><subfield code="a">Warm Springs Regional Fisheries Center publication</subfield><subfield code="h">[electronic resource]</subfield></datafield><datafield tag="260" ind1=" " ind2=" "><subfield code="a">[Washington, D.C.] :</subfield><subfield code="b">U. S. Fish and Wildlife Service,</subfield><subfield code="c">[2004?]</subfield></datafield><datafield tag="500" ind1=" " ind2=" "><subfield code="a">Title from title screen (viewed on Dec. 7, 2004)</subfield></datafield><datafield tag="538" ind1=" " ind2=" "><subfield code="a">Mode of access: Internet from the FWS web site. Address as of 12/7/04: http://fisheries.fws.gov/FTC/FTCwsnfh.htm#Warm%20Springs%20Fish%20Health%20Laboratory; current access is available via PURL.</subfield></datafield><datafield tag="610" ind1="2" ind2="0"><subfield code="a">Warm Springs Regional Fisheries Center</subfield><subfield code="v">Bibliography.</subfield></datafield><datafield tag="650" ind1=" " ind2="0"><subfield code="a">Fish culture</subfield><subfield code="z">United States</subfield><subfield code="v">Bibliography.</subfield></datafield><datafield tag="710" ind1="2" ind2=" "><subfield code="a">U.S. Fish and Wildlife Service.</subfield></datafield><datafield tag="856" ind1="4" ind2="0"><subfield code="u">http://purl.access.gpo.gov/GPO/LPS56016</subfield><subfield code="z">View online version</subfield></datafield><datafield tag="907" ind1=" " ind2=" "><subfield code="a">.b37991826</subfield><subfield code="b">06-10-15</subfield><subfield code="c">07-26-05</subfield></datafield><datafield tag="998" ind1=" " ind2=" "><subfield code="a">es001</subfield><subfield code="b">07-26-05</subfield><subfield code="c">m</subfield><subfield code="d">a</subfield><subfield code="e">-</subfield><subfield code="f">eng</subfield><subfield code="g">dcu</subfield><subfield code="h">0</subfield><subfield code="i">1</subfield></datafield><datafield tag="910" ind1=" " ind2=" "><subfield code="a">MARCIVE</subfield></datafield><datafield tag="910" ind1=" " ind2=" "><subfield code="a">Hathi Trust report None</subfield></datafield><datafield tag="945" ind1=" " ind2=" "><subfield code="g">0</subfield><subfield code="j">0</subfield><subfield code="l">esb  </subfield><subfield code="o">n</subfield><subfield code="p">$0.00</subfield><subfield code="q"> </subfield><subfield code="r"> </subfield><subfield code="s">-</subfield><subfield code="t">255</subfield><subfield code="u">0</subfield><subfield code="v">0</subfield><subfield code="w">0</subfield><subfield code="x">0</subfield><subfield code="y">.i138993634</subfield><subfield code="z">07-26-05</subfield></datafield></record>