
<record><leader>01706nam a2200373Ia 4500</leader><controlfield tag="001">ocm57178158</controlfield><controlfield tag="005">20041207084526.0</controlfield><controlfield tag="006">m        u f      </controlfield><controlfield tag="007">cr cn-</controlfield><controlfield tag="008">041207s2003    mdua    s    f000 0 eng d</controlfield><datafield tag="040" ind1=" " ind2=" "><subfield code="a">GPO</subfield><subfield code="c">GPO</subfield><subfield code="d">MvI</subfield><subfield code="d">MvI</subfield></datafield><datafield tag="074" ind1=" " ind2=" "><subfield code="a">0505-B-02 (online)</subfield></datafield><datafield tag="086" ind1="0" ind2=" "><subfield code="a">HE 20.3323/3:D 54/2003</subfield></datafield><datafield tag="245" ind1="0" ind2="0"><subfield code="a">Diabetes insipidus</subfield><subfield code="h">[electronic resource] /</subfield><subfield code="c">National Kidney and Urologic Diseases Information Clearinghouse.</subfield></datafield><datafield tag="260" ind1=" " ind2=" "><subfield code="a">Bethesda, Md. :</subfield><subfield code="b">National Institute of Diabetes and Digestive and Kidney Diseases, National Institutes of Health,</subfield><subfield code="c">[2003]</subfield></datafield><datafield tag="336" ind1=" " ind2=" "><subfield code="a">text</subfield><subfield code="2">rdacontent.</subfield></datafield><datafield tag="337" ind1=" " ind2=" "><subfield code="a">computer</subfield><subfield code="2">rdamedia.</subfield></datafield><datafield tag="338" ind1=" " ind2=" "><subfield code="a">online resource</subfield><subfield code="2">rdacarrier.</subfield></datafield><datafield tag="440" ind1=" " ind2="0"><subfield code="a">NIH publication ;</subfield><subfield code="v">no. 03-4620.</subfield></datafield><datafield tag="500" ind1=" " ind2=" "><subfield code="a">Title from title screen (viewed on Dec. 1, 2004)</subfield></datafield><datafield tag="500" ind1=" " ind2=" "><subfield code="a">Caption title.</subfield></datafield><datafield tag="500" ind1=" " ind2=" "><subfield code="a">&#34;June 2003.&#34;</subfield></datafield><datafield tag="538" ind1=" " ind2=" "><subfield code="a">Also available via Internet from NIDDK web site. Address as of 12/01/04: http://kidney.niddk.nih.gov/kudiseases/pubs/insipidus/index.htm; current access is available via PURL.</subfield></datafield><datafield tag="650" ind1=" " ind2="0"><subfield code="a">Diabetes</subfield><subfield code="x">Complications</subfield><subfield code="z">United States.</subfield></datafield><datafield tag="650" ind1=" " ind2="0"><subfield code="a">Diabetes</subfield><subfield code="x">Research</subfield><subfield code="z">United States.</subfield></datafield><datafield tag="650" ind1=" " ind2="0"><subfield code="a">Urinary organs</subfield><subfield code="x">Diseases</subfield><subfield code="z">United States.</subfield></datafield><datafield tag="710" ind1="2" ind2=" "><subfield code="a">National Kidney and Urologic Diseases Information Clearinghouse (U.S.)</subfield></datafield><datafield tag="710" ind1="2" ind2=" "><subfield code="a">National Institute of Diabetes and Digestive and Kidney Diseases (U.S.)</subfield></datafield><datafield tag="856" ind1="4" ind2="0"><subfield code="u">http://purl.access.gpo.gov/GPO/LPS56014</subfield><subfield code="z">View online version</subfield></datafield><datafield tag="907" ind1=" " ind2=" "><subfield code="a">.b3799184x</subfield><subfield code="b">06-11-15</subfield><subfield code="c">07-26-05</subfield></datafield><datafield tag="998" ind1=" " ind2=" "><subfield code="a">es001</subfield><subfield code="b">07-26-05</subfield><subfield code="c">m</subfield><subfield code="d">a</subfield><subfield code="e">-</subfield><subfield code="f">eng</subfield><subfield code="g">mdu</subfield><subfield code="h">0</subfield><subfield code="i">1</subfield></datafield><datafield tag="910" ind1=" " ind2=" "><subfield code="a">MARCIVE</subfield></datafield><datafield tag="910" ind1=" " ind2=" "><subfield code="a">Hathi Trust report None</subfield></datafield><datafield tag="945" ind1=" " ind2=" "><subfield code="g">0</subfield><subfield code="j">0</subfield><subfield code="l">esb  </subfield><subfield code="o">n</subfield><subfield code="p">$0.00</subfield><subfield code="q"> </subfield><subfield code="r"> </subfield><subfield code="s">-</subfield><subfield code="t">255</subfield><subfield code="u">0</subfield><subfield code="v">0</subfield><subfield code="w">0</subfield><subfield code="x">0</subfield><subfield code="y">.i138993658</subfield><subfield code="z">07-26-05</subfield></datafield></record>