
<record><leader>01847nam a2200397 a 4500</leader><controlfield tag="001">ocm57178216</controlfield><controlfield tag="005">20041207085655.0</controlfield><controlfield tag="008">041207s2004    dcu          f000 0 eng c</controlfield><datafield tag="040" ind1=" " ind2=" "><subfield code="a">GPO</subfield><subfield code="c">GPO</subfield><subfield code="d">MvI</subfield><subfield code="d">MvI</subfield></datafield><datafield tag="042" ind1=" " ind2=" "><subfield code="a">pcc</subfield></datafield><datafield tag="043" ind1=" " ind2=" "><subfield code="a">n-us-co</subfield></datafield><datafield tag="050" ind1="1" ind2="4"><subfield code="a">KF31</subfield><subfield code="b">.E55 2004d</subfield></datafield><datafield tag="074" ind1=" " ind2=" "><subfield code="a">1008-C</subfield></datafield><datafield tag="074" ind1=" " ind2=" "><subfield code="a">1008-C (online)</subfield></datafield><datafield tag="074" ind1=" " ind2=" "><subfield code="a">1008-D (MF)</subfield></datafield><datafield tag="074" ind1=" " ind2=" "><subfield code="a">1008-D (online)</subfield></datafield><datafield tag="086" ind1="0" ind2=" "><subfield code="a">Y 1.1/5:108-303</subfield></datafield><datafield tag="110" ind1="1" ind2=" "><subfield code="a">United States.</subfield><subfield code="b">Congress.</subfield><subfield code="b">Senate.</subfield><subfield code="b">Committee on Energy and Natural Resources.</subfield></datafield><datafield tag="245" ind1="1" ind2="0"><subfield code="a">Rio Grande Natural Area :</subfield><subfield code="b">report (to accompany S. 1467)</subfield></datafield><datafield tag="260" ind1=" " ind2=" "><subfield code="a">[Washington, D.C. :</subfield><subfield code="b">U.S. G.P.O.,</subfield><subfield code="c">2004]</subfield></datafield><datafield tag="300" ind1=" " ind2=" "><subfield code="a">10 p. ;</subfield><subfield code="c">23 cm.</subfield></datafield><datafield tag="490" ind1="1" ind2=" "><subfield code="a">Report / 108th Congress, 2d session, Senate ;</subfield><subfield code="v">108-303.</subfield></datafield><datafield tag="500" ind1=" " ind2=" "><subfield code="a">Caption title.</subfield></datafield><datafield tag="500" ind1=" " ind2=" "><subfield code="a">Distributed to some depository libraries in microfiche.</subfield></datafield><datafield tag="500" ind1=" " ind2=" "><subfield code="a">Shipping list no.: 2005-0039-P.</subfield></datafield><datafield tag="500" ind1=" " ind2=" "><subfield code="a">&#34;July 13, 2004.&#34;</subfield></datafield><datafield tag="530" ind1=" " ind2=" "><subfield code="a">Also available via Internet from the GPO Access web site. Addresses as of 12/7/04: http://frwebgate.access.gpo.gov/cgi-bin/getdoc.cgi?dbname=108%5Fcong%5Freports&amp;docid=f:sr303.108 (text version),   http://frwebgate.access.gpo.gov/cgi-bin/getdoc.cgi?dbname=108%5Fcong%5Freports&amp;docid=f:sr303.pdf (PDF version);   current access available via PURLs.</subfield></datafield><datafield tag="650" ind1=" " ind2="0"><subfield code="a">Natural areas</subfield><subfield code="x">Law and legislation</subfield><subfield code="z">Colorado.</subfield></datafield><datafield tag="651" ind1=" " ind2="0"><subfield code="a">Rio Grande Natural Area (Colo.)</subfield></datafield><datafield tag="810" ind1="1" ind2=" "><subfield code="a">United States.</subfield><subfield code="b">Congress.</subfield><subfield code="b">Senate.</subfield><subfield code="t">Report ;</subfield><subfield code="v">108-303.</subfield></datafield><datafield tag="856" ind1="4" ind2="1"><subfield code="3">Text version:</subfield><subfield code="u">http://purl.access.gpo.gov/GPO/LPS56001</subfield><subfield code="z">View online version</subfield></datafield><datafield tag="856" ind1="4" ind2="1"><subfield code="3">PDF version:</subfield><subfield code="u">http://purl.access.gpo.gov/GPO/LPS56002</subfield><subfield code="z">View online version</subfield></datafield><datafield tag="907" ind1=" " ind2=" "><subfield code="a">.b37991851</subfield><subfield code="b">03-19-07</subfield><subfield code="c">07-26-05</subfield></datafield><datafield tag="998" ind1=" " ind2=" "><subfield code="a">es001</subfield><subfield code="b">07-26-05</subfield><subfield code="c">m</subfield><subfield code="d">a</subfield><subfield code="e">-</subfield><subfield code="f">eng</subfield><subfield code="g">dcu</subfield><subfield code="h">0</subfield><subfield code="i">1</subfield></datafield><datafield tag="910" ind1=" " ind2=" "><subfield code="a">MARCIVE</subfield></datafield><datafield tag="945" ind1=" " ind2=" "><subfield code="g">0</subfield><subfield code="j">0</subfield><subfield code="l">esb  </subfield><subfield code="o">n</subfield><subfield code="p">$0.00</subfield><subfield code="q"> </subfield><subfield code="r"> </subfield><subfield code="s">-</subfield><subfield code="t">255</subfield><subfield code="u">0</subfield><subfield code="v">0</subfield><subfield code="w">0</subfield><subfield code="x">0</subfield><subfield code="y">.i13899366x</subfield><subfield code="z">07-26-05</subfield></datafield></record>
</collection>
